<record><leader>00000cas a22000007a 4500</leader><controlfield tag="001">18102254</controlfield><controlfield tag="008">880617d18761880ohuwr ne      0    0eng d</controlfield><datafield ind1=" " ind2=" " tag="010"><subfield code="a">sn 88077525 </subfield></datafield><datafield ind1=" " ind2=" " tag="040"><subfield code="a">ONP</subfield><subfield code="b">eng</subfield><subfield code="c">ONP</subfield><subfield code="d">OCLCQ</subfield></datafield><datafield ind1="1" ind2=" " tag="029"><subfield code="a">AU@</subfield><subfield code="b">000054292999</subfield></datafield><datafield ind1=" " ind2=" " tag="042"><subfield code="a">msc</subfield></datafield><datafield ind1="0" ind2=" " tag="130"><subfield code="a">London weekly times (London, Ohio)</subfield></datafield><datafield ind1="1" ind2="4" tag="245"><subfield code="a">The London weekly times.</subfield></datafield><datafield ind1=" " ind2=" " tag="260"><subfield code="a">London, Ohio :</subfield><subfield code="b">Acton &amp; Klingelsmith,</subfield><subfield code="c">1876-1880.</subfield></datafield><datafield ind1=" " ind2=" " tag="310"><subfield code="a">Weekly</subfield></datafield><datafield ind1="0" ind2=" " tag="362"><subfield code="a">Vol. 6, no. 48 (Sept. 6, 1876)-v. 10, no. 49 (Aug. 27, 1880) = -whole no. 569.</subfield></datafield><datafield ind1=" " ind2=" " tag="752"><subfield code="a">United States</subfield><subfield code="b">Ohio</subfield><subfield code="c">Madison</subfield><subfield code="d">London.</subfield></datafield><datafield ind1="0" ind2="0" tag="780"><subfield code="t">London times (London, Ohio : 1870)</subfield><subfield code="w">(DLC)sn 86079001</subfield></datafield><datafield ind1="0" ind2="0" tag="785"><subfield code="t">London times (London, Ohio : 1880)</subfield><subfield code="w">(DLC)sn 88077526</subfield></datafield></record>